@MISC{bsp,
 author = {D. B. Skillicorn and Jonathan M. D. Hill and W. F. Mccoll},
 title = {Questions And Answers About BSP},
 year = {1996} }